@other{mem,
    address = {facebook.com},
    author = {Random guy on internet},
    title = {Grandpa minecraft meme},
    year = {2023}
}